<collection xmlns="http://www.loc.gov/MARC21/slim">
<record>
  <leader>00719nam0a22001811i 450 </leader>
  <controlfield tag="001">IT\ICCU\CNCE\062047</controlfield>
  <controlfield tag="005">20051024000000.0</controlfield>
  <datafield tag="100" ind1=" " ind2=" ">
    <subfield code="a">20051024f1550        0itac0103    ba</subfield>
  </datafield>
  <datafield tag="101" ind1=" " ind2=" ">
    <subfield code="a">ITA</subfield>
  </datafield>
  <datafield tag="102" ind1=" " ind2=" ">
    <subfield code="a">IT</subfield>
  </datafield>
  <datafield tag="200" ind1="1" ind2=" ">
    <subfield code="a">Miracolo stupendissimo del glorioso san Iacopo di Galizia a un suo seruo che andaua a visitarlo ...</subfield>
  </datafield>
  <datafield tag="210" ind1=" " ind2=" ">
    <subfield code="d">\dopo il 1550!</subfield>
    <subfield code="e">Stampata in Firenze</subfield>
    <subfield code="g">alle Scale di Badia</subfield>
  </datafield>
  <datafield tag="215" ind1=" " ind2=" ">
    <subfield code="a">\2! c.</subfield>
    <subfield code="c">ill.</subfield>
    <subfield code="d">4ʻ</subfield>
  </datafield>
  <datafield tag="300" ind1=" " ind2=" ">
    <subfield code="a">Per la data cfr.: A. Cioni, Bibliografia delle sacre rappresentazioni, p. 172</subfield>
  </datafield>
  <datafield tag="500" ind1="1" ind2="1">
    <subfield code="3">IT\ICCU\CNCE\062055</subfield>
    <subfield code="a">Rappresentazione di s. Giacomo di Galizia: un pellegrino</subfield>
  </datafield>
  <datafield tag="620" ind1=" " ind2=" ">
    <subfield code="a">IT</subfield>
    <subfield code="d">Firenze</subfield>
  </datafield>
  <datafield tag="712" ind1="0" ind2="2">
    <subfield code="a">℗alle scalee di ℗Badia</subfield>
    <subfield code="3">IT\ICCU\CNCT\000678</subfield>
    <subfield code="4">650</subfield>
  </datafield>
  <datafield tag="801" ind1=" " ind2="3">
    <subfield code="a">IT</subfield>
    <subfield code="b">ICCU</subfield>
    <subfield code="c">20201115</subfield>
  </datafield>
</record>
</collection>
